<?xml version="1.0" encoding="UTF-8"?><collection xmlns="http://www.loc.gov/MARC21/slim"><record><leader>00541nam--2200181-u-4500</leader><controlfield tag="001">000054791</controlfield><controlfield tag="002">20161230</controlfield><controlfield tag="005">20161230201051</controlfield><controlfield tag="008">120613s1000------------r-----000-0-fre-d</controlfield><datafield ind1=" " ind2=" " tag="040"><subfield code="a">IFIN-HH</subfield></datafield><datafield ind1=" " ind2=" " tag="041"><subfield code="a">fre</subfield></datafield><datafield ind1=" " ind2=" " tag="080"><subfield code="a">539.172.5.173(043)</subfield></datafield><datafield ind1="1" ind2=" " tag="100"><subfield code="a">Engelhardt, H.-d</subfield></datafield><datafield ind1="1" ind2="0" tag="245"><subfield code="a">Contributibution a l'etude de l'absorption des pi a l'arret par le3s noyaux ; les neutrinos du soleil</subfield><subfield code="b">These</subfield><subfield code="c">H.-d. engelhardt</subfield></datafield><datafield ind1=" " ind2=" " tag="260"><subfield code="a">Grenoble</subfield><subfield code="b">Universite</subfield><subfield code="c">1974</subfield></datafield><datafield ind1=" " ind2=" " tag="300"><subfield code="a">159P.+30P</subfield></datafield><datafield ind1=" " ind2=" " tag="852"><subfield code="a">42134</subfield><subfield code="c">539.17</subfield></datafield><datafield ind1=" " ind2=" " tag="CAT"><subfield code="a">Sys</subfield><subfield code="c">20120613</subfield><subfield code="h">125228</subfield></datafield></record></collection>